@INPROCEEDINGS{msban, 
author={K. Karathanasis and A. Kiourti and J. L. Volakis}, 
booktitle={2014 IEEE Antennas and Propagation Society International Symposium (APSURSI)}, 
title={A Wireless Body Area Network for carefree medical sensing}, 
year={2014}, 
pages={317-317}, 
doi={10.1109/APS.2014.6904490}, 
ISSN={1522-3965}, 
month={July},
}

@Article{wban,
author="Jovanov, Emil
and Milenkovic, Aleksandar
and Otto, Chris
and de Groen, Piet C.",
title="A wireless body area network of intelligent motion sensors for computer assisted physical rehabilitation",
journal="Journal of NeuroEngineering and Rehabilitation",
year="2005",
volume="2",
number="1",
pages="6",
doi="10.1186/1743-0003-2-6",
}

@misc{cpcr, 
  author="Jerrell, Mary",
  title="Walter Reed’s State-of-the-Art Biomechanics Lab",
  url="http://www.healio.com/orthotics-prosthetics/diseases-conditions/news/print/o-and-p-news/%7Bbcb69464-d7e9-4721-91e3-ab1137016636%7D/walter-reeds-state-of-the-art-biomechanics-lab",
  year="2008"
}


@Article{gaits,
AUTHOR = {Tao, Weijun and Liu, Tao and Zheng, Rencheng and Feng, Hutian},
TITLE = {Gait Analysis Using Wearable Sensors},
JOURNAL = {Sensors},
VOLUME = {12},
YEAR = {2012},
NUMBER = {2},
PAGES = {2255--2283},
DOI = {10.3390/s120202255}
}

@Article{run,
author={Kirtley, C.
and Whittle, M. W.
and Jefferson, R. J.},
title={Influence of walking speed on gait parameters},
journal={Journal of Biomedical Engineering},
month={2017/05/10},
publisher={Elsevier},
volume={7},
number={4},
pages={282-288},
doi={10.1016/0141-5425(85)90055-X},
}



@article{walkers,
   title = {{Assessment of walker-assisted gait based on Principal Component Analysis and wireless inertial sensors}},
   journal = {{Revista Brasileira de Engenharia Biom}},
   author={Martins, Maria et. al },
   volume = {30},
   year = {2014},
   month = {09},
   pages = {220 - 231},
   publisher = {scielo},
   }

@article{pairing, 
  title= {Automatic pairing of inertial sensors to lower limb segments – a plug-and-play approach}, 
  author={Graurock, D. and Schauer, T. and Seel, T.},
  journal={Current Directions in Biomedical Engineering},
  volume={2},
  number={1},
  pages={220 - 231},
  doi={10.1515/cdbme-2016-0155},
  year={2016},
}

@techreport{yost, 
title = {{Calculating Angles Between Two Yost Labs 3-Space Sensor Devices on a Human Body}},
institution = {Yost Labs},
Date-Accessed = {2017-05-10}
}


@Article{pop,
AUTHOR = {Dadashi, Farzin and Mariani, Benoit and Rochat, Stephane and Büla, Christophe J.
  and Santos-Eggimann, Brigitte and Aminian, Kamiar}, 
TITLE = {Gait and Foot Clearance
    Parameters Obtained Using Shoe-Worn Inertial Sensors in a Large-Population Sample of
      Older Adults},
JOURNAL = {Sensors},
VOLUME = {14},
YEAR = {2014},
NUMBER = {1},
PAGES = {443--457},
URL = {http://www.mdpi.com/1424-8220/14/1/443},
DOI = {10.3390/s140100443}
}


@misc{pcf, 
  author= {Rowe, Anthony},
  title={Point Coordination Function TDMA},
  month={August},
  year={2010},
  url={http://www.nanork.org/projects/nanork/wiki/Pcf-tdma},
}

@unpublished{CSMA,
  author="Rajkumar,Ragunathan",
  title="Medium Access Control (MAC) Protocols",
  institution="Carnegie Mellon University",
  year= "2017",
  howpublished="Course Lecture",
}
